<?xml version="1.0" encoding="UTF-8"?><collection xmlns="http://www.loc.gov/MARC21/slim"><record><leader>00551nam--2200181-i-4500</leader><controlfield tag="001">000004765</controlfield><controlfield tag="002">20161230</controlfield><controlfield tag="005">20161230201026</controlfield><controlfield tag="008">060222s1000------------r-----000-0-fre-d</controlfield><datafield ind1=" " ind2=" " tag="040"><subfield code="a">IFIN-HH</subfield></datafield><datafield ind1=" " ind2=" " tag="041"><subfield code="a">fre</subfield></datafield><datafield ind1=" " ind2=" " tag="080"><subfield code="a">539.1.074.83</subfield></datafield><datafield ind1="1" ind2=" " tag="100"><subfield code="a">Blanc, Daniel</subfield></datafield><datafield ind1="1" ind2="0" tag="245"><subfield code="a">Detecteurs de particules</subfield><subfield code="b">Compteurs et scintillateurs. mechanisme et realisation. preface du professeur y. rocard</subfield><subfield code="c">Daniel blanc</subfield></datafield><datafield ind1=" " ind2=" " tag="260"><subfield code="a">Paris</subfield><subfield code="b">Masson Et C-ie, Editeurs</subfield><subfield code="c">1959</subfield></datafield><datafield ind1=" " ind2=" " tag="300"><subfield code="a">323 P</subfield></datafield><datafield ind1=" " ind2=" " tag="852"><subfield code="a">14835</subfield><subfield code="c">539.1.07:539.1.08</subfield></datafield><datafield ind1=" " ind2=" " tag="CAT"><subfield code="a">Sys</subfield><subfield code="c">20111018</subfield><subfield code="h">114841</subfield></datafield></record></collection>